@Article{Rhadamantys,
author = {Gelanor Rhadamantys},
title = {The Simple Xyston Argument},
journal = {Unaffiliated},
year = {2020},
volume = {1},
number = {1},
}

@Book{carroll-something,
ALTauthor = {Sean Carroll},
ALTeditor = {check it},
title = {Something Deeply Hidden},
publisher = {checkit},
year = {2019},
OPTkey = {carroll-something},
OPTvolume = {•},
OPTnumber = {•},
OPTseries = {•},
OPTaddress = {•},
OPTedition = {•},
OPTmonth = {•},
OPTnote = {•},
OPTannote = {•}
}

@Book{Rovelli-the-universe,
ALTauthor = {Carlo Rovelli},
ALTeditor = {},
title = {The universe is not what it seems},
publisher = {•},
year = {2019},
OPTkey = {rovelli-the-universe},
OPTvolume = {•},
OPTnumber = {•},
OPTseries = {•},
OPTaddress = {•},
OPTedition = {•},
OPTmonth = {•},
OPTnote = {•},
OPTannote = {•}
}
@Article{EPR-paradox,
author = {Albert Einstein, Boris Podolsky, Nathan Rosen},
title = {Can Quantum-Mechanical Description of Physical Reality be Considered Complete?},
journal = {Check it},
year = {1935},
volume = {1},
number = {1},
}


@Article{Bohr,
author = {Bohr},
title = {The copenhagen interpretation},
journal = {Check it},
year = {1935},
volume = {1},
number = {1},
}

@Article{Bell-inequality,
author = {Bell},
title = {Bell bell bell},
journal = {Check it},
year = {1935},
volume = {1},
number = {1},
}



@Article{Pilot-wave-theory,
author = {De Brogile, Bohm},
title = {Pilot Wave},
journal = {Check it},
year = {1935},
volume = {1},
number = {1},
}

@Misc{minno-package,
OPTkey = {minno-package},
OPTauthor = {Gelanor Rhadamantys},
OPTtitle = {Minno Simulator},
OPThowpublished = {Github},
OPTmonth = {11},
OPTyear = {2019},
OPTnote = {Use docker to build},
OPTannote = {•}
}



