@Article{RhadamantysA1,
author = {Gelanor Rhadamantys},
title = {The Lightlane Argument},
journal = {Unaffiliated},
year = {2020},
volume = {1},
number = {1},
}
@Article{RhadamantysA2,
author = {Gelanor Rhadamantys},
title = {The Lightlane Equality},
journal = {Unaffiliated},
year = {2020},
volume = {1},
number = {1},
}

@Book{carroll-something,
ALTauthor = {Sean Carroll},
ALTeditor = {check it},
title = {Something Deeply Hidden},
publisher = {checkit},
year = {2019},
OPTkey = {carroll-something},
OPTvolume = {•},
OPTnumber = {•},
OPTseries = {•},
OPTaddress = {•},
OPTedition = {•},
OPTmonth = {•},
OPTnote = {•},
OPTannote = {•}
}

@misc{hooft2014cellular,
    title={The Cellular Automaton Interpretation of Quantum Mechanics},
    author={Gerard 't Hooft},
    year={2014},
    eprint={1405.1548},
    archivePrefix={arXiv},
    primaryClass={quant-ph}
}
@article{Tegmark_2007,
   title={The Mathematical Universe},
   volume={38},
   ISSN={1572-9516},
   url={http://dx.doi.org/10.1007/s10701-007-9186-9},
   DOI={10.1007/s10701-007-9186-9},
   number={2},
   journal={Foundations of Physics},
   publisher={Springer Science and Business Media LLC},
   author={Tegmark, Max},
   year={2007},
   month={Nov},
   pages={101–150}
}


@Book{Dennet_1991,
ALTauthor = {Daniel Clement Dennet},
ALTeditor = {},
title = {Consciousness explained},
publisher = {Boston : Little, Brown and Co.},
year = {1991},
OPTkey = {rovelli-the-universe},
OPTvolume = {•},
OPTnumber = {•},
OPTseries = {•},
OPTaddress = {•},
OPTedition = {•},
OPTmonth = {•},
OPTnote = {•},
OPTannote = {•}
}


@Book{Kybalion_1908,
ALTauthor = {The Three Initiates},
ALTeditor = {},
title = {The Kybalion},
publisher = {},
year = {1908},
OPTkey = {},
OPTvolume = {•},
OPTnumber = {•},
OPTseries = {•},
OPTaddress = {•},
OPTedition = {•},
OPTmonth = {•},
OPTnote = {•},
OPTannote = {•}
}
@Book{Rovelli-the-universe,
ALTauthor = {Carlo Rovelli},
ALTeditor = {},
title = {The universe is not what it seems},
publisher = {•},
year = {2019},
OPTkey = {rovelli-the-universe},
OPTvolume = {•},
OPTnumber = {•},
OPTseries = {•},
OPTaddress = {•},
OPTedition = {•},
OPTmonth = {•},
OPTnote = {•},
OPTannote = {•}
}
@Article{Bostrom_2003,
author = {Nick Bostrom},
title = {Are you living in a computer simulation?},
journal = {Philosophical Quarterly},
year = {2003},
volume = {53},
number = {211},
}




@Article{EPR-paradox,
author = {Albert Einstein, Boris Podolsky, Nathan Rosen},
title = {Can Quantum-Mechanical Description of Physical Reality be Considered Complete?},
journal = {Check it},
year = {1935},
volume = {1},
number = {1},
}


@Article{Bohr,
author = {Bohr},
title = {The copenhagen interpretation},
journal = {Check it},
year = {1935},
volume = {1},
number = {1},
}

@Article{Bell-inequality,
author = {Bell},
title = {Bell bell bell},
journal = {Check it},
year = {1935},
volume = {1},
number = {1},
}



@Article{Pilot-wave-theory,
author = {De Brogile, Bohm},
title = {Pilot Wave},
journal = {Check it},
year = {1935},
volume = {1},
number = {1},
}

@Misc{minno-package,
OPTkey = {minno-package},
OPTauthor = {Gelanor Rhadamantys},
OPTtitle = {Minno Simulator},
OPThowpublished = {Github},
OPTmonth = {11},
OPTyear = {2019},
OPTnote = {Use docker to build},
OPTannote = {•}
}

@Misc{gameOfLife_wiki,
volume = {1},
number = {1},
journal = {Wikipedia},
title = {Game of life, Wikipedia},
year = {2020}
 }



